
@Book{Aggarwal16,
	author = {C.~C.~Aggarwal},
	title = {Recommender Systems},
	publisher = {Springer},
	year = {2016},
	OPTkey = {•},
	OPTvolume = {•},
	OPTnumber = {•},
	OPTseries = {•},
	OPTaddress = {•},
	OPTedition = {2},
	OPTmonth = {•},
	OPTnote = {•},
	OPTannote = {•}
}


@article{Coren09,
	title = "Matrix Factorization Techniques for Recommender Systems",
	journal = "IEEE Computer",
	year = "2009",
	author = "Y.~Coren and R.~Bell and C.~Volinsky"	
}

@article{Schafer07,
	title = "Collaborative Filtering Recommender Systems",
	journal = "The Adaptive Web Lecture notes in Computer Science",
	year = "2007",
	author = "J.~B.~Schafer and D.~Frankowski and J.~Herlocker and S.~Sen"	
}


@book{Bertsekas20b,
	title={Distributed Reinforcement Learning,
	Rollout, and Approximate Policy Iteration},
	author={D.~P.~Bertsekas},
	year={2020},
	publisher={Athena Scientific}
}


@inproceedings{Tesauro96,
	title={On-Line Policy Improvement Using Monte Carlo Search},
	author={G.~Tesauro and G.~R.~Galperin},
	booktitle={NIPs},
	pages={1--7},
	year={1996}
}

@article{Bertsekas20,
	title={Multiagent rollout algorithms and reinforcement learning},
	author={D.~Bertsekas},
	journal={},
	volume={},
	number={},
	pages={1--23},
	year={2020}
}



@misc{Meshram2020,
	Author = {R.~Meshram  and K.~Kaza},
	Howpublished = {{A}rxiv},
	Title = {Simulation Based Algorithms for {M}arkov Decision Processes and Multi-Action Restless Bandits},
	Year = {2020}}


@inproceedings{Meshram17a,
	Author = {R.~Meshram  and A.~Gopalan and D.~Manjunath},
	booktitle = {Proc. {IEEE COMSNETS}},
	Title = {Restless bandits that hide their hand and recommendation systems},
	Year = {2017}}


@article{Whittle88,
	Author = {P.~Whittle},
	Journal = {Journal of Applied Probability},
	Number = {A},
	Pages = {287--298},
	Title = {Restless bandits: {A}ctivity allocation in a changing world},
	Volume = {25},
	Year = {1988}}
